<?xml version="1.0" encoding="UTF-8" ?>
<collection xmlns:xsi="http://www.w3.org/2001/XMLSchema-instance" xsi:schemaLocation="http://www.loc.gov/MARC21/slim http://www.loc.gov/standards/marcxml/schema/MARC21slim.xsd" xmlns="http://www.loc.gov/MARC21/slim">
   <record>
      <leader>     cam a22        4500</leader>
      <controlfield tag="001">3526713</controlfield>
      <controlfield tag="003">COO</controlfield>
      <controlfield tag="005">20130331080703.0</controlfield>
      <controlfield tag="008">860207q19601969sy       b    000 0 ara c</controlfield>
      <datafield tag="010" ind1=" " ind2=" ">
         <subfield code="a">ne 67000030  </subfield>
      </datafield>
      <datafield tag="035" ind1=" " ind2=" ">
         <subfield code="a">(NIC)notisARY2884</subfield>
      </datafield>
      <datafield tag="035" ind1=" " ind2=" ">
         <subfield code="a">(OCoLC)13120492</subfield>
      </datafield>
      <datafield tag="035" ind1=" " ind2=" ">
         <subfield code="a">3526713</subfield>
      </datafield>
      <datafield tag="040" ind1=" " ind2=" ">
         <subfield code="a">Princeton Univ. Libr.</subfield>
         <subfield code="c">IXA</subfield>
         <subfield code="d">IXA</subfield>
         <subfield code="d">NIC</subfield>
      </datafield>
      <datafield tag="100" ind1="1" ind2=" ">
         <subfield code="a">Kurdī, Aḥmad.</subfield>
      </datafield>
      <datafield tag="245" ind1="1" ind2="3">
         <subfield code="a">al-Shuʻarāʼ al-nawābigh,</subfield>
         <subfield code="b">ʻarḍ, taḥlīl, dirāsah naqḍ, khaṣāʼiṣ. Imruʼ al-Qays, Aws ibn Ḥajar, Zuhayr ibn Abī Sulmā, al-Nābighah al-Dhubyānī</subfield>
         <subfield code="c">[taʼlīf] Aḥmad al-Kurdī [wa] Aḥmad Muṭāʻ Qabbānī.</subfield>
      </datafield>
      <datafield tag="260" ind1=" " ind2=" ">
         <subfield code="a">[Dimashq?</subfield>
         <subfield code="c">196-?]</subfield>
      </datafield>
      <datafield tag="300" ind1=" " ind2=" ">
         <subfield code="a">358 p.</subfield>
         <subfield code="c">20 cm.</subfield>
      </datafield>
      <datafield tag="504" ind1=" " ind2=" ">
         <subfield code="a">Bibliography: p. 355-356.</subfield>
      </datafield>
      <datafield tag="600" ind1="0" ind2="0">
         <subfield code="a">Imruʼ al-Qays,</subfield>
         <subfield code="d">497-545.</subfield>
      </datafield>
      <datafield tag="600" ind1="0" ind2="0">
         <subfield code="a">Aws ibn Ḥajar,</subfield>
         <subfield code="d">active 6th century.</subfield>
      </datafield>
      <datafield tag="600" ind1="0" ind2="0">
         <subfield code="a">Zuhayr ibn Abī Sulmá.</subfield>
      </datafield>
      <datafield tag="600" ind1="0" ind2="0">
         <subfield code="a">Nābighah al-Dhubyānī,</subfield>
         <subfield code="d">active 6th century.</subfield>
      </datafield>
      <datafield tag="700" ind1="1" ind2=" ">
         <subfield code="a">Qabbānī, Aḥmad,</subfield>
         <subfield code="e">joint author.</subfield>
      </datafield>
      <datafield tag="905" ind1=" " ind2=" ">
         <subfield code="a">19991002120000.0</subfield>
      </datafield>
      <datafield tag="948" ind1="2" ind2=" ">
         <subfield code="a">20100526</subfield>
         <subfield code="b">m</subfield>
         <subfield code="d">batch</subfield>
         <subfield code="e">lts</subfield>
         <subfield code="x">del9XXtxt</subfield>
      </datafield>
      <datafield tag="948" ind1="2" ind2=" ">
         <subfield code="a">20121022</subfield>
         <subfield code="b">m</subfield>
         <subfield code="d">batch</subfield>
         <subfield code="e">lts</subfield>
         <subfield code="x">remove999</subfield>
      </datafield>
      <datafield tag="950" ind1=" " ind2=" ">
         <subfield code="l">OLIN</subfield>
         <subfield code="x">9999</subfield>
         <subfield code="a">PJ7543</subfield>
         <subfield code="b">.K96</subfield>
      </datafield>
      <datafield tag="995" ind1=" " ind2=" ">
         <subfield code="a">Hivolm</subfield>
         <subfield code="d">20100526</subfield>
      </datafield>
      <datafield tag="903" ind1=" " ind2=" ">
         <subfield code="a">NYUACO</subfield>
         <subfield code="d">20131119</subfield>
         <subfield code="p">31924026837173</subfield>
      </datafield>
      <datafield tag="950" ind1=" " ind2=" ">
         <subfield code="a">PJ7543</subfield>
         <subfield code="b">.K96</subfield>
         <subfield code="v"> </subfield>
      </datafield>
   </record>
</collection>
